@article{milo2010bionumbers,
  title = {BioNumbersâ€”the database of key numbers in molecular and cell biology},
  author = {Milo, Ron and Jorgensen, Paul and Moran, Uri and Weber, Griffin and Springer, Michael},
  journal = {Nucleic acids research},
  volume = {38},
  number = {suppl\_1},
  pages = {D750--D753},
  year = {2010},
  publisher = {Oxford University Press}
}

@book{soult2020phospholipids,
	title = {Phospholipids in cell membranes},
	url = {https://chem.libretexts.org/Courses/University_of_Kentucky/UK:_CHE_103_-_Chemistry_for_Allied_Health_(Soult)/Chapters/Chapter_14:_Biological_Molecules/14.3:_Phospholipids_in_Cell_Membranes},
	journal = {Phospholipids in Cell Membranes},
	publisher = {LibreTexts},
	author = {Soult, Allison and Bewick, Sharon and Parsons, Richard and Forsythe, Therese and Robinson, Shonna and Dupon, Jean},
	year = {2020},
	month = {Aug}
}

@article{marchetti2017pancreatic,
  title = {Pancreatic beta cell identity in humans and the role of type 2 diabetes},
  author = {Marchetti, Piero and Bugliani, Marco and De Tata, Vincenzo and Suleiman, Mara and Marselli, Lorella},
  journal = {Frontiers in cell and developmental biology},
  volume = {5},
  pages = {55},
  year = {2017},
  publisher = {Frontiers}
}

@article{yeagle1978phospholipid,
  title={Phospholipid headgroup behavior in biological assemblies},
  author={Yeagle, Philip L},
  journal={Accounts of Chemical Research},
  volume={11},
  number={9},
  pages={321--327},
  year={1978},
  publisher={ACS Publications}
}

@article{marrink2019computational,
  title={Computational modeling of realistic cell membranes},
  author={Marrink, Siewert J and Corradi, Valentina and Souza, Paulo CT and Ing\'olfsson, Helgi I and Tieleman, D Peter and Sansom, Mark SP},
  journal={Chemical reviews},
  volume={119},
  number={9},
  pages={6184--6226},
  year={2019},
  publisher={ACS Publications}
}

@incollection{alberts2002protein,
  title={Protein function},
  author={Alberts, Bruce and Johnson, Alexander and Lewis, Julian and Raff, Martin and Roberts, Keith and Walter, Peter},
  booktitle={Molecular Biology of the Cell. 4th edition},
  year={2002},
  publisher={Garland Science}
}

@inproceedings{de2006controlled,
  title={Controlled delivery of membrane proteins to artificial lipid bilayers by nystatin--ergosterol modulated vesicle fusion},
  author={De Planque, MRR and Mendes, GP and Zagnoni, Michele and Sandison, Mairi E and Fisher, KH and Berry, RM and Watts, A and Morgan, Hywel},
  booktitle={IEE Proceedings-Nanobiotechnology},
  volume={153},
  number={2},
  pages={21--30},
  year={2006},
  organization={IET}
}

@article{alabi2013perspectives,
  title={Perspectives on kiss-and-run: role in exocytosis, endocytosis, and neurotransmission},
  author={Alabi, AbdulRasheed A and Tsien, Richard W},
  journal={Annual review of physiology},
  volume={75},
  pages={393--422},
  year={2013},
  publisher={Annual Reviews}
}

@article{willig2006sted,
  title={STED microscopy reveals that synaptotagmin remains clustered after synaptic vesicle exocytosis},
  author={Willig, Katrin I and Rizzoli, Silvio O and Westphal, Volker and Jahn, Reinhard and Hell, Stefan W},
  journal={Nature},
  volume={440},
  number={7086},
  pages={935--939},
  year={2006},
  publisher={Nature Publishing Group}
}

@article{sochacki2012imaging,
  title={Imaging the post-fusion release and capture of a vesicle membrane protein},
  author={Sochacki, Kem A and Larson, Ben T and Sengupta, Deepali C and Daniels, Mathew P and Shtengel, Gleb and Hess, Harald F and Taraska, Justin W},
  journal={Nature communications},
  volume={3},
  number={1},
  pages={1--9},
  year={2012},
  publisher={Nature Publishing Group}
}

---

@book{abramowitz1964handbook,
  title = {Handbook of mathematical functions: with formulas, graphs, and mathematical tables},
  author = {Abramowitz, Milton and Stegun, Irene A},
  volume = {55},
  year = {1964},
  publisher = {Courier Corporation},
  note = "pg. 334"
}

@article{he2007debate,
  title = {The debate on the kiss-and-run fusion at synapses},
  author = {He, Liming and Wu, Ling-Gang},
  journal = {Trends in neurosciences},
  volume = {30},
  number = {9},
  pages = {447--455},
  year = {2007},
  publisher = {Elsevier}
}

@article{hine1999membrane,
  title = {Membrane},
  author = {Hine, Robert},
  journal = {The Facts on File Dictionary of Biology},
  pages = {198},
  year = {1999},
  publisher = {Checkmark}
}

@article{chen2000cross,
  title = {Cross-linking of cell surface receptors enhances cooperativity of molecular adhesion},
  author = {Chen, Aileen and Moy, Vincent T},
  journal = {Biophysical Journal},
  volume = {78},
  number = {6},
  pages = {2814--2820},
  year = {2000},
  publisher = {Elsevier}
}

@article{soula2013modelling,
  title = {Modelling adipocytes size distribution},
  author = {Soula, HA and Julienne, H and Soulage, CO and G{\'e}lo{\"e}n, A},
  journal = {Journal of Theoretical Biology},
  volume = {332},
  pages = {89--95},
  year = {2013},
  publisher = {Elsevier}
}

@article{herman1994distinct,
  title = {A distinct class of intracellular storage vesicles, identified by expression of the glucose transporter {GLUT4}},
  author = {Herman, Gary A and Bonzelius, Frank and Cieutat, Anne-Marie and Kelly, Regis B},
  journal = {Proceedings of the National Academy of Sciences},
  volume = {91},
  number = {26},
  pages = {12750--12754},
  year = {1994},
  publisher = {National Acad Sciences}
}

@article{granot2009lkb1,
  title = {LKB1 regulates pancreatic $\beta$ cell size, polarity, and function},
  author = {Granot, Zvi and Swisa, Avital and Magenheim, Judith and Stolovich-Rain, Miri and Fujimoto, Wakako and Manduchi, Elisabetta and Miki, Takashi and Lennerz, Jochen K and Stoeckert, Christian J and Meyuhas, Oded and others},
  journal = {Cell metabolism},
  volume = {10},
  number = {4},
  pages = {296--308},
  year = {2009},
  publisher = {Elsevier}
}

@book{cevc1993phospholipids,
  title = {Phospholipids handbook},
  author = {Cevc, Gregor},
  year = {1993},
  publisher = {CRC Press},
  note = "pp. 554-5"
}

@article{alberts2002ion,
  title = {Ion channels and the electrical properties of membranes},
  author = {Alberts, Bruce and Johnson, Alexander and Lewis, Julian and Raff, Martin and Roberts, Keith and Walter, Peter},
  year = {2002},
  publisher = {Garland Science}
}

@article{alberts2002transport,
  title = {Transport from the {ER} through the Golgi apparatus},
  author = {Alberts, Bruce and Johnson, Alexander and Lewis, Julian and Raff, Martin and Roberts, Keith and Walter, Peter},
  year = {2002},
  publisher = {Garland Science}
}

@article{alberts2002molecular,
  title = {The Molecular Mechanisms of Membrane Transport and the Maintenance of Compartmental Diversity},
  author = {Alberts, Bruce and Johnson, Alexander and Lewis, Julian and Raff, Martin and Roberts, Keith and Walter, Peter},
  year = {2002},
  publisher = {Garland Science}
}

@article{soykan2017synaptic,
  title = {Synaptic vesicle endocytosis occurs on multiple timescales and is mediated by formin-dependent actin assembly},
  author = {Soykan, Tolga and Kaempf, Natalie and Sakaba, Takeshi and Vollweiter, Dennis and Goerdeler, Felix and Puchkov, Dmytro and Kononenko, Natalia L and Haucke, Volker},
  journal = {Neuron},
  volume = {93},
  number = {4},
  pages = {854--866},
  year = {2017},
  publisher = {Elsevier}
}

@article{alberts2002membrane,
  title = {Membrane proteins},
  author = {Alberts, Bruce and Johnson, Alexander and Lewis, Julian and Raff, Martin and Roberts, Keith and Walter, Peter},
  year = {2002},
  publisher = {Garland Science}
}

@incollection{xu2009intracellular,
  title = {Intracellular membrane fusion},
  author = {Xu, Dalu and Hay, Jesse C},
  booktitle = {Trafficking Inside Cells},
  pages = {282--325},
  year = {2009},
  publisher = {Springer}
}

@article{harata2006kiss,
  title = {Kiss-and-run and full-collapse fusion as modes of exo-endocytosis in neurosecretion},
  author = {Harata, Nobutoshi C and Aravanis, Alexander M and Tsien, Richard W},
  journal = {Journal of neurochemistry},
  volume = {97},
  number = {6},
  pages = {1546--1570},
  year = {2006},
  publisher = {Wiley Online Library}
}

@article{ceccarelli1972depletion,
  title = {Depletion of vesicles from frog neuromuscular junctions by prolonged tetanic stimulation},
  author = {Ceccarelli, B and Hurlbut, WP and Mauro, A},
  journal = {The Journal of Cell Biology},
  volume = {54},
  number = {1},
  pages = {30--38},
  year = {1972},
  publisher = {Rockefeller University Press}
}

@article{wen2016actin,
  title = {Actin dynamics provides membrane tension to merge fusing vesicles into the plasma membrane},
  author = {Wen, Peter J and Grenklo, Staffan and Arpino, Gianvito and Tan, Xinyu and Liao, Hsien-Shun and Heureaux, Johanna and Peng, Shi-Yong and Chiang, Hsueh-Cheng and Hamid, Edaeni and Zhao, Wei-Dong and others},
  journal = {Nature Communications},
  volume = {7},
  pages = {12604},
  year = {2016},
  publisher = {Nature Publishing Group}
}

@inproceedings{mele2009automatic,
  title = {Automatic identification of fusion events in {TIRF} microscopy image sequences},
  author = {Mele, Katarina and Coster, Adelle and Burchfield, James G and Lopez, Jamie and James, David E and Hughes, William E and Vallotton, Pascal},
  booktitle = {Computer Vision Workshops (ICCV Workshops), 2009 IEEE 12th International Conference on},
  pages = {578--584},
  year = {2009},
  organization = {IEEE}
}

@article{jaldin2017update,
  title = {Update on {GLUT}4 Vesicle Traffic: A Cornerstone of Insulin Action},
  author = {Jaldin-Fincati, Javier R and Pavarotti, Martin and Frendo-Cumbo, Scott and Bilan, Philip J and Klip, Amira},
  journal = {Trends in Endocrinology \& Metabolism},
  year = {2017},
  publisher = {Elsevier}
}

@article{hou2009insulin,
  title = {Insulin granule biogenesis, trafficking and exocytosis},
  author = {Hou, June Chunqiu and Min, Le and Pessin, Jeffrey E},
  journal = {Vitamins \& Hormones},
  volume = {80},
  pages = {473--506},
  year = {2009},
  publisher = {Elsevier}
}

@article{takahashi2002fusion,
  title = {Fusion pore dynamics and insulin granule exocytosis in the pancreatic islet},
  author = {Takahashi, Noriko and Kishimoto, Takuya and Nemoto, Tomomi and Kadowaki, Takashi and Kasai, Haruo},
  journal = {Science},
  volume = {297},
  number = {5585},
  pages = {1349--1352},
  year = {2002},
  publisher = {American Association for the Advancement of Science}
}

@article{almeida1992lateral,
  title = {Lateral diffusion in the liquid phases of dimyristoylphosphatidylcholine/cholesterol lipid bilayers: a free volume analysis},
  author = {Almeida, Paulo FF and Vaz, Winchil LC and Thompson, TE},
  journal = {Biochemistry},
  volume = {31},
  number = {29},
  pages = {6739--6747},
  year = {1992},
  publisher = {ACS Publications}
}

@misc{MiloOnline,
author = "{Milo, Ron and Phillips, Rob}",
title = "{Cell Biology by the Numbers}",
month = "",
year = "",
howpublished = "\url{http://book.bionumbers.org/how-big-is-a-human-cell/}",
note = "Observed 1-11-17"
}

@misc{LadyofHats,
author = "{LadyofHats}",
title = "{Phospholipids aqueous solution structures}",
month = "",
year = "",
howpublished = "\url{https://commons.wikimedia.org/wiki/File:Phospholipids_aqueous_solution_structures.svg}",
note = "Online; accessed 1-11-17"
}

@misc{Boumphreyfr,
author	= "Boumphreyfr",
title	= "",
year	= "",
note	= "{Online; accessed 1-11-2017}",
howpublished		= "\url{http://upload.wikimedia.org/wikipedia/commons/f/fd/Cell_membrane3.png}"
}